@book{cormen,
  author         = {Cormen, Thomas H and Leiserson, Charles E and Rivest, Ronald L and Stein, Clifford},
  publisher      = {Wydawnictwo Naukowe PWN},
  title          = {Wprowadzenie do algorytmów},
  year           = {2012},
  ISBN           = {978-83-01-16911-4},
}

@book{maier,
  author         = {Maier, David},
  publisher      = {ACM Press},
  title          = {The Complexity of Some Problems on Subsequences and Supersequences},
  year           = {1978},
}

@book{janczewski,
  author         = {Janczewski, Robert},
  title          = {Złożoność Obliczeniowa Algorytmów},
  year           = {2002},
}